<?xml version="1.0" encoding="UTF-8"?><collection xmlns="http://www.loc.gov/MARC21/slim"><record><leader>00545nam--2200169-i-4500</leader><controlfield tag="001">000046726</controlfield><controlfield tag="002">20161230</controlfield><controlfield tag="005">20170110225542</controlfield><controlfield tag="008">060222s1000------------r-----000-0-eng-d</controlfield><datafield ind1=" " ind2=" " tag="040"><subfield code="a">IFIN-HH</subfield></datafield><datafield ind1=" " ind2=" " tag="080"><subfield code="a">537.611.46:621.318.1</subfield></datafield><datafield ind1="1" ind2=" " tag="100"><subfield code="a">Wadas, Romuald Slawomir</subfield></datafield><datafield ind1="1" ind2="0" tag="245"><subfield code="a">Magnetism in spinels, garnets and perovskites</subfield><subfield code="b">Translated from the Polish manuscript by R.J.Miklaszewski</subfield><subfield code="c">Romuald Slawomir Wadas</subfield></datafield><datafield ind1=" " ind2=" " tag="260"><subfield code="a">Warszawa</subfield><subfield code="b">Polish Academy Of Sciences</subfield><subfield code="c">1974</subfield></datafield><datafield ind1=" " ind2=" " tag="300"><subfield code="a">504 p</subfield></datafield><datafield ind1=" " ind2=" " tag="852"><subfield code="a">43782</subfield><subfield code="c">537:538</subfield></datafield><datafield ind1=" " ind2=" " tag="CAT"><subfield code="a">SYS</subfield><subfield code="c">20170110</subfield><subfield code="h">225542</subfield></datafield></record></collection>